@article{Watanabe2000,
    title = {{Analysis and control for an omnidirectional mobile manipulator}},
    year = {2000},
    journal = {Journal of Intelligent and Robotic Systems: Theory and Applications},
    author = {Watanabe, Keigo and Sato, Kazuya and Izumi, Kiyotaka and Kunitake, Yutaka},
    number = {1-2},
    month = {1},
    pages = {3--20},
    volume = {27},
    publisher = {Kluwer Academic Publishers},
    doi = {10.1023/A:1008145910986},
    issn = {09210296}
}

@techreport{Garcia,
    title = {{ARQUITECTURA DISTRUBUIDA PARA EL DESARROLLO DE SISTEMAS DE DI{\'{A}}LOGO HABLADO, EDEC{\'{A}}N}},
    author = {Garc{\'{i}}a, José Enrique and Ortega, Alfonso and Miguel, Antonio and Lleida, Eduardo}
}

@inproceedings{Dickerson1991,
    title = {{Control of an omni-directional robotic vehicle with Mecanum wheels}},
    year = {1991},
    author = {Dickerson, Stephen L. and Lapin, Brett D.},
    pages = {323--328},
    publisher = {Publ by IEEE},
    isbn = {0780300629},
    doi = {10.1109/ntc.1991.148039}
}

@article{Sugar2002,
    title = {{Control of cooperating mobile manipulators}},
    year = {2002},
    journal = {IEEE Transactions on Robotics and Automation},
    author = {Sugar, Thomas G. and Kumar, Vijay},
    number = {1},
    month = {2},
    pages = {94--103},
    volume = {18},
    doi = {10.1109/70.988979},
    issn = {1042296X},
    keywords = {Compliance, Locomotion and grasping, Mobile robot cooperation}
}

@article{Khatib1996,
    title = {{Coordination and decentralized cooperation of multiple mobile manipulators}},
    year = {1996},
    journal = {Journal of Robotic Systems},
    author = {Khatib,, O. and Yokoi, K. and Chang, K. and Ruspini, D. and Holmberg, R. and Casal, A.},
    number = {11},
    month = {11},
    pages = {755--764},
    volume = {13},
    url = {http://doi.wiley.com/10.1002/%28SICI%291097-4563%28199611%2913%3A11%3C755%3A%3AAID-ROB6%3E3.0.CO%3B2-U},
    doi = {10.1002/(SICI)1097-4563(199611)13:11<755::AID-ROB6>3.0.CO;2-U},
    issn = {07412223}
}

@inproceedings{Doroftei2008,
    title = {{Design and control of an omni-directional mobile robot}},
    year = {2008},
    booktitle = {Novel Algorithms and Techniques in Telecommunications, Automation and Industrial Electronics},
    author = {Doroftei, Ioan and Grosu, Victor and Spinu, Veaceslav},
    pages = {105--110},
    isbn = {9781402087363},
    doi = {10.1007/978-1-4020-8737-0{\_}19}
}

@article{Powell1998,
    title = {{Direct search algorithms for optimization calculations}},
    year = {1998},
    journal = {Acta Numerica},
    author = {Powell, M. J.D.},
    number = {November 2008},
    pages = {287--336},
    volume = {7},
    doi = {10.1017/S0962492900002841},
    issn = {14740508}
}

@techreport{Andaluz2011,
    title = {{ESCUELA POLIT{\'{E}}CNICA NACIONAL FACULTAD DE INGENIER{\'{I}}A EL{\'{E}}CTRICA Y ELECTR{\'{O}}NICA MODELACI{\'{O}}N, IDENTIFICACI{\'{O}}N Y CONTROL DE ROBOTS M{\'{O}}VILES PROYECTO PREVIO A LA OBTENCI{\'{O}}N DEL T{\'{I}}TULO DE INGENIERA EN CONTROL}},
    year = {2011},
    author = {Andaluz, Gabriela and Rosales, Andrés},
    keywords = {()}
}

@techreport{AndaluzOrtiz2018,
    title = {{ESCUELA SUPERIOR POLIT{\'{E}}CNICA DE CHIMBORAZO MODELACI{\'{O}}N Y CONTROL PREDICTIVO DE UN ROBOT M{\'{O}}VIL CON CENTRO DE MASA DESPLAZADO}},
    year = {2018},
    author = {Andaluz Ortiz, Gabriela Magdalena}
}

@article{Li2016,
    title = {{Fundamentals in modeling and control of mobile manipulators}},
    year = {2016},
    author = {Li, Z and Ge, SS},
    url = {https://content.taylorfrancis.com/books/download?dac=C2012-0-09730-5&isbn=9781466580428&format=googlePreviewPdf}
}

@article{Dauchez1989,
    title = {{Hybrid control of a two-arm robot for complex tasks}},
    year = {1989},
    journal = {Robotics and Autonomous Systems},
    author = {Dauchez, Pierre and Fournier, Alain and Jourdan, René},
    number = {4},
    pages = {323--332},
    volume = {5},
    doi = {10.1016/0921-8890(89)90017-1},
    issn = {09218890},
    keywords = {Force control, Kinematics, Statics, Two-arm robot}
}

@book{Tzafestas2013,
    title = {{Introduction to Mobile Robot Control}},
    year = {2013},
    booktitle = {Introduction to Mobile Robot Control},
    author = {Tzafestas, Spyros G.},
    pages = {1--691},
    isbn = {9780124170490},
    doi = {10.1016/C2013-0-01365-5}
}

@article{Bayle2003,
    title = {{Manipulability of Wheeled Mobile Manipulators: Application to Motion Generation}},
    year = {2003},
    journal = {The International Journal of Robotics Research},
    author = {Bayle, B. and Fourquet, J. -Y. and Renaud, M.},
    number = {7-8},
    month = {7},
    pages = {565--581},
    volume = {22},
    url = {http://journals.sagepub.com/doi/10.1177/02783649030227007},
    doi = {10.1177/02783649030227007},
    issn = {0278-3649}
}

@article{Kunhe2005,
    title = {{Mobile Robot Trajectory Tracking Using Model Predictive Control}},
    year = {2005},
    journal = {II IEEE latin-american robotics {\ldots}},
    author = {K{\"{u}}nhe, F and Gomes, J and Fetter, W},
    pages = {1--7},
    url = {http://www.feng.pucrs.br/~fkuhne/files/sistrob/notasdeaula/robosmoveis/sbai05_10022.pdf},
    keywords = {1992, 1999, 2002, 2005, control of nonholonomic wmrs, do et al, due to constraints on, et al, good results, inputs, mobile robots, nonholonomic, often do not present, sun, traditional techniques for the, trajectory tracking, yang e kim}
}

@article{Andaluz2013,
    title = {{Modelaci{\'{o}}n, Identificaci{\'{o}}n y Control de Robots M{\'{o}}viles}},
    year = {2013},
    journal = {Escuela Polit{\'{e}}cnica Nacional},
    author = {Andaluz, Gabriela and Andaluz, Víctor and Rosales, Andrés},
    pages = {9},
    url = {http://bibdigital.epn.edu.ec/bitstream/15000/4912/1/Modelación%2C Identificación y Control de.pdf%0Ahttp://eelalnx01.epn.edu.ec/handle/15000/4321}
}

@article{RiosGonzalez2009,
    title = {{Modelo cinem{\'{a}}tico de un robot m{\'{o}}vil tipo diferencial y navegaci{\'{o}}n a partir de la estimaci{\'{o}}n odom{\'{e}}trica.}},
    year = {2009},
    journal = {Scientia et Technica},
    author = {R{\'{i}}os Gonz{\'{a}}lez, Luis and Valencia V., Jhonny and Montoya O., Alejandro},
    number = {41},
    pages = {191--196},
    volume = {1},
    doi = {10.22517/23447214.2907},
    issn = {0122-1701}
}

@book{1397,
    title = {{No Titleآبهای زیرزمینی}},
    year = {1397},
    booktitle = {آب و خاک},
    author = {{سلیمی}},
    isbn = {9781466580411}
}

@article{Kabanov2015,
    title = {{Optimal Control of Mobile Robot ' s Trajectory Movement Optimal Control of Mobile Robot ’ s Trajectory Movement}},
    year = {2015},
    author = {Kabanov, Aleksey},
    number = {July 2014}
}

@article{Elsayed2017,
    title = {{Real Time Trajectory Tracking Controller based on Lyapunov Function for Mobile Robot}},
    year = {2017},
    journal = {International Journal of Computer Applications},
    author = {Elsayed, Mohammed and Hammad, Abdallah and Hafez, Ashraf and Mansour, Hala},
    number = {11},
    pages = {1--6},
    volume = {168},
    doi = {10.5120/ijca2017914540},
    keywords = {dif-, dynamic modeling, ferential drive, lyapunov stability, mobile robot, nonholonomic robots, trajectory tracking}
}

@book{Corke,
    title = {{Robotics, vision and control : fundamental algorithms in MATLAB{\textregistered}}},
    author = {Corke, Peter I.},
    pages = {693},
    isbn = {9783319544137}
}

@book{Corke2017,
    title = {{Robotics, Vision and Control: Fundamental Algoritms in Matlab}},
    year = {2017},
    author = {Corke, Peter},
    pages = {693},
    isbn = {9783319544120},
    doi = {10.1007/978-3-642-20144-8},
    issn = {1610-7438},
    pmid = {15003161},
    arxivId = {978 3 642 20143 1}
}

@book{Klancar2017a,
    title = {{Wheeled Mobile Robotics}},
    year = {2017},
    author = {Klan{\v{c}}ar, Gregor and Zde{\v{s}}ar, Andrej and Bla{\v{z}}i{\v{c}}, Sašo and {\v{S}}krjanc, Igor},
    pages = {502},
    isbn = {9780128042045}
}

@misc{Pytlak2006,
    title = {{[R.{\_}Pytlak]{\_}Numerical{\_}Methods{\_}for{\_}Optimal{\_}Control{\_}(BookFi.org).pdf}},
    year = {2006},
    author = {Pytlak, R},
    url = {https://books.google.com/books?id=7G96CwAAQBAJ},
    isbn = {9783540486626}
}

@misc{PDFControl,
    title = {{(PDF) Neural Network Controller for Mobile Robot Motion Control}},
    url = {https://www.researchgate.net/publication/242602727_Neural_Network_Controller_for_Mobile_Robot_Motion_Control}
}

@article{Kroger20173DPractice,
    title = {{3D printed simulation models based on real patient situations for hands-on practice}},
    year = {2017},
    journal = {European Journal of Dental Education},
    author = {Kr{\"{o}}ger, E. and Dekiff, M. and Dirksen, D.},
    number = {4},
    month = {11},
    pages = {e119-e125},
    volume = {21},
    publisher = {Blackwell Publishing Ltd},
    url = {http://doi.wiley.com/10.1111/eje.12229},
    doi = {10.1111/eje.12229},
    issn = {13965883},
    keywords = {3D printing, 3D rapid prototyping, Prosthodontics, hands-on practice, preclinical education, simulation model}
}

@article{Lawrence2001AAlgorithm,
    title = {{A computationally efficient feasible sequential quadratic programming algorithm}},
    year = {2001},
    journal = {SIAM Journal on Optimization},
    author = {Lawrence, Craig T. and Tits, André L.},
    number = {4},
    month = {3},
    pages = {1092--1118},
    volume = {11},
    doi = {10.1137/S1052623498344562},
    issn = {10526234},
    keywords = {FSQP, Feasible SQP, Feasible iterates, SQP, Sequential quadratic programming}
}

@book{Kraft1988AProgramming,
    title = {{A software package for sequential quadratic programming}},
    year = {1988},
    author = {Kraft, Dieter and Institut f{\"{u}}r Dynamik der Flugsysteme, Deutsche Forschungs- und Versuchsanstalt für Luft- und Raumfahrt (DFVLR), Oberpfaffenhofen},
    series = {Forschungsbericht. Deutsche Forschungs- und Versuchsanstalt f{\"{u}}r Luft- und Raumfahrt, DFVLR},
    publisher = {DFVLR},
    address = {Braunschweig}
}

@inproceedings{Koubaa2016AdaptiveParameters,
    title = {{Adaptive control of nonholonomic wheeled mobile robot with unknown parameters}},
    year = {2016},
    booktitle = {Proceedings of 2015 7th International Conference on Modelling, Identification and Control, ICMIC 2015},
    author = {Koubaa, Yasmine and Boukattaya, Mohamed and Dammak, Tarak},
    month = {2},
    publisher = {Institute of Electrical and Electronics Engineers Inc.},
    isbn = {9780956715753},
    doi = {10.1109/ICMIC.2015.7409475},
    keywords = {Lyapunov method, Nonholonomic mobile robot, adaptive control, dynamic model, kinematic controller, kinematic model, trajectory tracking}
}

@incollection{H.2012AdaptiveManipulators,
    title = {{Adaptive Coordinated Cooperative Control of Multi-Mobile Manipulators}},
    year = {2012},
    booktitle = {Frontiers in Advanced Control Systems},
    author = {H., Victor and Leica, Paulo and Roberti, Flavio and Toibero, Marcos and Carelli, Ricardo},
    month = {7},
    publisher = {InTech},
    doi = {10.5772/39143}
}

@article{DeLaCruz2011AdaptiveWheelchair,
    title = {{Adaptive motion control law of a robotic wheelchair}},
    year = {2011},
    journal = {Control Engineering Practice},
    author = {De La Cruz, Celso and Bastos, Teodiano Freire and Carelli, Ricardo},
    number = {2},
    month = {2},
    pages = {113--125},
    volume = {19},
    doi = {10.1016/j.conengprac.2010.10.004},
    issn = {09670661},
    keywords = {Adaptive control, Dynamic modeling, Input/output stability, Lyapunov design, Robotic wheelchair, Tracking control}
}

@article{Shojaei2011AdaptiveRobot,
    title = {{Adaptive trajectory tracking control of a differential drive wheeled mobile robot}},
    year = {2011},
    journal = {Robotica},
    author = {Shojaei, Khoshnam and Shahri, Alireza Mohammad and Tarakameh, Ahmadreza and Tabibian, Behzad},
    number = {3},
    month = {5},
    pages = {391--402},
    volume = {29},
    publisher = {Cambridge University Press},
    doi = {10.1017/S0263574710000202},
    issn = {02635747},
    keywords = {Adaptive feedback linearization, Non-holonomic WMR, Parametric uncertainty, Trajectory tracking}
}

@article{Andaluz2012AdaptiveManipulators,
    title = {{Adaptive unified motion control of mobile manipulators}},
    year = {2012},
    journal = {Control Engineering Practice},
    author = {Andaluz, Víctor and Roberti, Flavio and Toibero, Juan Marcos and Carelli, Ricardo},
    number = {12},
    month = {12},
    pages = {1337--1352},
    volume = {20},
    doi = {10.1016/j.conengprac.2012.07.008},
    issn = {09670661}
}

@book{CorkeALGORITHMS,
    title = {{ALGORITHMS}},
    author = {Corke, Peter},
    isbn = {9783319544120}
}

@article{Halachmi2013AutomaticImaging,
    title = {{Automatic assessment of dairy cattle body condition score using thermal imaging}},
    year = {2013},
    journal = {Computers and Electronics in Agriculture},
    author = {Halachmi, I. and Klop{\v{c}}i{\v{c}}, M. and Polak, P. and Roberts, D. J. and Bewley, J. M.},
    month = {11},
    pages = {35--40},
    volume = {99},
    publisher = {Elsevier B.V.},
    doi = {10.1016/j.compag.2013.08.012},
    issn = {01681699},
    keywords = {Body condition scoring (BCS), Dairy cows, Image processing, Thermal camera}
}

@techreport{Eversole2014BodyCows,
    title = {{Body Condition Scoring Beef Cows}},
    year = {2014},
    author = {Eversole, Dan Edward and Browne, Milyssa F. and Hall, John Burton, 1960- and Dietz, Richard E.},
    month = {6},
    publisher = {Virginia Cooperative Extension},
    url = {www.ext.vt.edu},
    keywords = {Animal health, Animal nutrition, Beef Cattle, Beef cattle, Cattle, Condition scoring, Health}
}

@misc{BodyTech,
    title = {{Body Condition Scoring Beef Cows | VCE Publications | Virginia Tech}},
    url = {https://www.pubs.ext.vt.edu/400/400-795/400-795.html}
}

@misc{BuenasNations,
    title = {{Buenas pr{\'{a}}cticas ganaderas impulsan la econom{\'{i}}a de peque{\~{n}}os productores en ecuador | Agronoticias: Agriculture News from Latin America and the Caribbean | Food and Agriculture Organization of the United Nations}},
    url = {http://www.fao.org/in-action/agronoticias/detail/en/c/1142997/}
}

@article{Tay2015ComparisonSetting,
    title = {{Comparison of Infrared Thermal Detection Systems for mass fever screening in a tropical healthcare setting}},
    year = {2015},
    journal = {Public Health},
    author = {Tay, M. R. and Low, Y. L. and Zhao, X. and Cook, A. R. and Lee, V. J.},
    number = {11},
    month = {11},
    pages = {1471--1478},
    volume = {129},
    publisher = {Elsevier},
    doi = {10.1016/j.puhe.2015.07.023},
    issn = {14765616},
    keywords = {Fever, Infrared, Mass screening, Thermometry, Tropical}
}

@book{ICAR142009.06.22-26Munich2009ConferenceGermany,
    title = {{Conference proceedings : June 22 - 26, 2009, Munich Marriott Hotel, Germany}},
    year = {2009},
    author = {{ICAR (14 2009.06.22-26 Munich)} and {International Conference on Advanced Robotics (14 2009.06.22-26 Munich)}},
    publisher = {Gesellschaft für Produktionssysteme},
    isbn = {9783839600351}
}

@misc{CalderonControlDifussa,
    title = {{Control Mediante L{\'{o}}gica Difussa}},
    author = {Calderon, Jhon Edicson Joya}
}

@article{Fierro1998ControlNetworks,
    title = {{Control of a nonholonomic mobile robot using neural networks}},
    year = {1998},
    journal = {IEEE Transactions on Neural Networks},
    author = {Fierro, R. and Lewis, F. L.},
    number = {4},
    pages = {589--600},
    volume = {9},
    doi = {10.1109/72.701173},
    issn = {10459227},
    keywords = {Backstepping control, Lyapunov stability, Mobile robots, Neural networks, Nonholonomic systems}
}

@inproceedings{Dierks2007ControlDynamics,
    title = {{Control of nonholonomic mobile robot formations: Backstepping kinematics into dynamics}},
    year = {2007},
    booktitle = {Proceedings of the IEEE International Conference on Control Applications},
    author = {Dierks, Travis and Jagannathan, S.},
    pages = {94--99},
    isbn = {1424404436},
    doi = {10.1109/CCA.2007.4389212},
    keywords = {Formation control, Kinematic/dynamic controller, Lyapunov methods}
}

@misc{Vilanov2011ControlPanoramica,
    title = {{control PID robusto: Una visi{\'{o}}n panor{\'{a}}mica}},
    year = {2011},
    booktitle = {RIAI - Revista Iberoamericana de Automatica e Informatica Industrial},
    author = {Vilanov, Ramon and Alfaro, Vítor M.},
    number = {3},
    month = {7},
    pages = {141--158},
    volume = {8},
    publisher = {Elsevier Doyma},
    doi = {10.1016/j.riai.2011.06.003},
    issn = {16977920},
    keywords = {PID control, Robustness, Uuncertainty}
}

@inproceedings{Mora-Aguilar2018CooperativeManipulators,
    title = {{Cooperative control of sliding mode for mobile manipulators}},
    year = {2018},
    booktitle = {Lecture Notes in Computer Science (including subseries Lecture Notes in Artificial Intelligence and Lecture Notes in Bioinformatics)},
    author = {Mora-Aguilar, Jorge and Carvajal, Christian P. and S{\'{a}}nchez, Jorge S. and Andaluz, Víctor H.},
    pages = {253--264},
    volume = {11357 LNAI},
    publisher = {Springer Verlag},
    isbn = {9783030052034},
    doi = {10.1007/978-3-030-05204-1{\_}25},
    issn = {16113349},
    keywords = {Centralized control, Cooperative control, Mobile manipulators, Sliding mode control}
}

@article{Yamamoto1994CoordinatingManipulator,
    title = {{Coordinating Locomotion and Manipulation of a Mobile Manipulator}},
    year = {1994},
    journal = {IEEE Transactions on Automatic Control},
    author = {Yamamoto, Yoshio and Yun, Xiaoping},
    number = {6},
    pages = {1326--1332},
    volume = {39},
    doi = {10.1109/9.293207},
    issn = {15582523}
}

@inproceedings{Kantharak2017DesignHRI,
    title = {{Design and development of service robot based human - Robot interaction (HRI)}},
    year = {2017},
    booktitle = {Proceedings - 2017 International Conference on System Science and Engineering, ICSSE 2017},
    author = {Kantharak, Kittiwad and Somboonchai, Chaiporn and Tuan, Nguyen Trong and Thinh, Nguyen Truong},
    month = {9},
    pages = {293--296},
    publisher = {Institute of Electrical and Electronics Engineers Inc.},
    isbn = {9781538634226},
    doi = {10.1109/ICSSE.2017.8030884},
    keywords = {Reception robot, mobile robot, service robot}
}

@inproceedings{Park2012DesignManufacturing,
    title = {{Design of an industrial dual arm robot manipulator for a Human-Robot hybrid manufacturing}},
    year = {2012},
    booktitle = {2012 9th International Conference on Ubiquitous Robots and Ambient Intelligence, URAI 2012},
    author = {Park, Chanhun and Kyung, Jin Ho and Choi, Tae Yong and Do, Hyun Min and Kim, Byung In and Lee, Sung Hui},
    pages = {616--618},
    isbn = {9781467331104},
    doi = {10.1109/URAI.2012.6463097},
    keywords = {Actuation Module, Double Encoder, Human-robot Hybrid manufacturing, Human-robot team, Joint Deformation, Joint Torque, Joint Torque Sensor}
}

@article{Ferrara2015DesignManipulators,
    title = {{Design of an Integral Suboptimal Second-Order Sliding Mode Controller for the Robust Motion Control of Robot Manipulators}},
    year = {2015},
    journal = {IEEE Transactions on Control Systems Technology},
    author = {Ferrara, Antonella and Incremona, Gian Paolo},
    number = {6},
    month = {11},
    pages = {2316--2325},
    volume = {23},
    publisher = {Institute of Electrical and Electronics Engineers Inc.},
    doi = {10.1109/TCST.2015.2420624},
    issn = {10636536},
    keywords = {Nonlinear control systems, robot control, robust control, sliding mode control (SMC), uncertain systems}
}

@inproceedings{Beira2006DesignHead,
    title = {{Design of the robot-cub (iCub) head}},
    year = {2006},
    booktitle = {Proceedings - IEEE International Conference on Robotics and Automation},
    author = {Beira, Ricardo and Lopes, Manuel and Pra{\c{c}}a, Miguel and Santos-Victor, José and Bernardino, Alexandre and Metta, Giorgio and Becchi, Francesco and Saltar{\'{e}}n, Roque},
    pages = {94--100},
    volume = {2006},
    isbn = {0780395069},
    doi = {10.1109/ROBOT.2006.1641167},
    issn = {10504729}
}

@inproceedings{Kand2015DesignRobot,
    title = {{Design, analysis and construction of a novel flexible rover robot}},
    year = {2015},
    booktitle = {International Conference on Robotics and Mechatronics, ICROM 2015},
    author = {Kand, Mohammad Safary Taze and Sadeghian, Rasoul and Masouleh, Mehdi Tale},
    month = {12},
    pages = {377--382},
    publisher = {Institute of Electrical and Electronics Engineers Inc.},
    isbn = {9781467372343},
    doi = {10.1109/ICRoM.2015.7367814},
    keywords = {ADAMS MSC, Arduino, Rover robot, simulation}
}

@misc{DisenoEcuRed,
    title = {{Dise{\~{n}}o asistido por computadora - EcuRed}},
    url = {https://www.ecured.cu/Dise%C3%B1o_asistido_por_computadora}
}

@misc{DronesHispaviacion,
    title = {{Drones en la b{\'{u}}squeda de personas: {\'{a}}mbitos de operaci{\'{o}}n, medios a utilizar y factor humano - Hispaviaci{\'{o}}n}},
    url = {http://www.hispaviacion.es/drones-la-busqueda-personas-ambitos-operacion-medios-utilizar-factor-humano/}
}

@misc{DSpaceDesplazado.,
    title = {{DSpace ESPOCH.: Modelaci{\'{o}}n y control predictivo de un robot m{\'{o}}vil con centro de masa desplazado.}},
    url = {http://dspace.espoch.edu.ec/handle/123456789/8310}
}

@misc{vanGerven2017Editorial:Processing,
    title = {{Editorial: Artificial neural networks as models of neural information processing}},
    year = {2017},
    booktitle = {Frontiers in Computational Neuroscience},
    author = {van Gerven, Marcel and Bohte, Sander},
    month = {12},
    volume = {11},
    publisher = {Frontiers Media S.A.},
    doi = {10.3389/fncom.2017.00114},
    issn = {16625188},
    keywords = {Artificial intelligence, Computational neuroscience, Neural networks, Rate coding, Spiking neural networks}
}

@misc{Encuesta,
    title = {{Encuesta de Superficie y Producci{\'{o}}n- Agropecuaria- Continua (BBD) |}},
    url = {https://www.ecuadorencifras.gob.ec/encuesta-de-superficie-y-produccion-agropecuaria-continua-bbd/}
}

@article{AcostaNunez2019Energy-SaverMethods,
    title = {{Energy-Saver Mobile Manipulator Based on Numerical Methods}},
    year = {2019},
    journal = {Electronics},
    author = {Acosta N{\'{u}}{\~{n}}ez, Julio Francisco and Andaluz Ortiz, Víctor Hugo and Gonz{\'{a}}lez-de-Rivera Peces, Guillermo and Garrido Salas, Javier},
    number = {10},
    month = {9},
    pages = {1100},
    volume = {8},
    url = {https://www.mdpi.com/2079-9292/8/10/1100},
    doi = {10.3390/electronics8101100},
    issn = {2079-9292}
}

@article{Hewlett2011EvaluationPandemic,
    title = {{Evaluation of an Infrared Thermal Detection System for Fever Recognition during the H1N1 Influenza Pandemic}},
    year = {2011},
    journal = {Infection Control {\&} Hospital Epidemiology},
    author = {Hewlett, Angela L. and Kalil, Andre C. and Strum, Rahman A. and Zeger, Wesley G. and Smith, Philip W.},
    number = {5},
    month = {5},
    pages = {504--506},
    volume = {32},
    publisher = {Cambridge University Press (CUP)},
    doi = {10.1086/659404},
    issn = {0899-823X}
}

@article{Astrom1986ExpertControl,
    title = {{Expert control}},
    year = {1986},
    journal = {Automatica},
    author = {{\AA}str{\"{o}}m, K. J. and Anton, J. J. and {\AA}rz{\'{e}}n, K. E.},
    number = {3},
    month = {5},
    pages = {277--286},
    volume = {22},
    publisher = {Pergamon},
    doi = {10.1016/0005-1098(86)90026-9},
    issn = {00051098},
    keywords = {PID control, adaptive control, auto-tuning, expert system, heuristics, relay logic}
}

@article{Astrom1986ExpertControlb,
    title = {{Expert control}},
    year = {1986},
    journal = {Automatica},
    author = {{\AA}str{\"{o}}m, K. J. and Anton, J. J. and {\AA}rz{\'{e}}n, K. E.},
    number = {3},
    month = {5},
    pages = {277--286},
    volume = {22},
    publisher = {Pergamon},
    doi = {10.1016/0005-1098(86)90026-9},
    issn = {00051098},
    keywords = {PID control, adaptive control, auto-tuning, expert system, heuristics, relay logic}
}

@misc{Arias2008FactoresLeche,
    title = {{Factores clim{\'{a}}ticos que afectan el desempe{\~{n}}o productivo del ganado bovino de carne y leche}},
    year = {2008},
    booktitle = {Archivos de Medicina Veterinaria},
    author = {Arias, R. A. and Mader, T. L. and Escobar, P. C.},
    number = {1},
    pages = {7--22},
    volume = {40},
    publisher = {REVISION BIBLIOGRAFICA},
    url = {https://scielo.conicyt.cl/scielo.php?script=sci_arttext&pid=S0301-732X2008000100002&lng=es&nrm=iso&tlng=es https://scielo.conicyt.cl/scielo.php?script=sci_abstract&pid=S0301-732X2008000100002&lng=es&nrm=iso&tlng=es},
    doi = {10.4067/s0301-732x2008000100002},
    issn = {0301732X},
    keywords = {Animal welfare, Beef and dairy cattle, Climatic factors, Stress}
}

@article{Markus2017FlatManipulators,
    title = {{Flat control of industrial robotic manipulators}},
    year = {2017},
    journal = {Robotics and Autonomous Systems},
    author = {Markus, Elisha D. and Agee, John T. and Jimoh, Adisa A.},
    month = {1},
    pages = {226--236},
    volume = {87},
    publisher = {Elsevier B.V.},
    doi = {10.1016/j.robot.2016.10.009},
    issn = {09218890}
}

@book{Li2013FundamentalsManipulators,
    title = {{Fundamentals in modeling and control of mobile manipulators}},
    year = {2013},
    author = {Li, Zhijun and Ge, Shuzhi Sam.},
    pages = {279},
    publisher = {Taylor {\&} Francis},
    isbn = {9781138074361}
}

@article{Maeda1991FuzzyRobot,
    title = {{Fuzzy drive control of an autonomous mobile robot}},
    year = {1991},
    journal = {Fuzzy Sets and Systems},
    author = {Maeda, Mikio and Maeda, Yasushi and Murakami, Shuta},
    number = {2},
    month = {1},
    pages = {195--204},
    volume = {39},
    publisher = {North-Holland},
    doi = {10.1016/0165-0114(91)90212-9},
    issn = {01650114},
    keywords = {Fuzzy drive control, autonomous mobile robot, control rules, drive expert system, image processing unit, inference unit, interface unit, manager unit, motor drive unit, recognition rules}
}

@article{Angelov2006FuzzyApproaches,
    title = {{Fuzzy systems design: Direct and indirect approaches}},
    year = {2006},
    journal = {Soft Computing},
    author = {Angelov, Plamen and Xydeas, Costas},
    number = {9},
    month = {7},
    pages = {836--849},
    volume = {10},
    publisher = {Springer},
    doi = {10.1007/s00500-005-0006-x},
    issn = {14327643},
    keywords = {Fuzzy models design, Genetic algorithms, On-line clustering, Recursive least squares estimation, Takagi-Sugeno and Mamdani fuzzy models}
}

@article{Angelov2006FuzzyApproachesb,
    title = {{Fuzzy systems design: Direct and indirect approaches}},
    year = {2006},
    journal = {Soft Computing},
    author = {Angelov, Plamen and Xydeas, Costas},
    number = {9},
    month = {7},
    pages = {836--849},
    volume = {10},
    publisher = {Springer},
    doi = {10.1007/s00500-005-0006-x},
    issn = {14327643},
    keywords = {Fuzzy models design, Genetic algorithms, On-line clustering, Recursive least squares estimation, Takagi-Sugeno and Mamdani fuzzy models}
}

@article{Kazerounian1988GlobalManipulators,
    title = {{Global versus Local Optimization in Redundancy Resolution of Robotic Manipulators}},
    year = {1988},
    journal = {The International Journal of Robotics Research},
    author = {Kazerounian, Kazem and Wang, Zhaoyu},
    number = {5},
    month = {10},
    pages = {3--12},
    volume = {7},
    publisher = {Sage PublicationsSage CA: Thousand Oaks, CA},
    url = {http://journals.sagepub.com/doi/10.1177/027836498800700501},
    doi = {10.1177/027836498800700501},
    issn = {0278-3649}
}

@misc{ICub.orgPlatform,
    title = {{iCub.org - an open source cognitive humanoid robotic platform}},
    url = {http://www.icub.org/}
}

@article{Tibaduiza2011ImplementacionManipulador,
    title = {{Implementaci{\'{o}}n de un control fuzzy para el control cinem{\'{a}}tico directo en un robot manipulador}},
    year = {2011},
    journal = {Ingeniare},
    author = {Tibaduiza, D. A. and Amaya, I. and Rodr{\'{i}}guez, S. and Mej{\'{i}}a, N. and Fl{\'{o}}rez, M.},
    number = {3},
    pages = {312--322},
    volume = {19},
    publisher = {Universidad de Tarapac{\'{a}}},
    doi = {10.4067/S0718-33052011000300002},
    issn = {07183305},
    keywords = {Fuzzy, Kinematic control, PLC, Robotic, Robotic arms}
}

@misc{ImportanciaCria,
    title = {{Importancia del uso de la condici{\'{o}}n corporal en la ganader{\'{i}}a de cr{\'{i}}a}},
    url = {https://www.agrositio.com.ar/noticia/33604-importancia-del-uso-de-la-condicion-corporal-en-la-ganaderia-de-cria}
}

@book{1966InTHERAPY,
    title = {{In Reply: BEHAVIOUR THERAPY}},
    year = {1966},
    booktitle = {The British Journal of Psychiatry},
    number = {483},
    pages = {211--212},
    volume = {112},
    isbn = {9788448156367},
    doi = {10.1192/bjp.112.483.211-a},
    issn = {0007-1250},
    keywords = {behaviour therapy, clinical psychology, psychology}
}

@misc{IndustryAdvice,
    title = {{Industry Spotlight: Robotics from Monster Career Advice}},
    url = {https://web.archive.org/web/20070830231418/http://content.monster.com/articles/3472/18567/1/industry/12/home.aspx}
}

@article{Kamel2017IntegralControl,
    title = {{Integral backstepping approach for mobile robot control}},
    year = {2017},
    journal = {Telkomnika (Telecommunication Computing Electronics and Control)},
    author = {Kamel, Bouzgou and Benaoumeur, Ibari and Laredj, Benchikh and Zoubir, Ahmed Foitih},
    number = {3},
    month = {9},
    pages = {1173--1180},
    volume = {15},
    publisher = {Universitas Ahmad Dahlan},
    doi = {10.12928/telkomnika.v15.i3.5667},
    issn = {23029293},
    keywords = {Backstepping, Nonlinear systems, Robot Mobile, Trajectory tracking}
}

@book{Liu2017IntelligentSimulation,
    title = {{Intelligent control design and MATLAB simulation}},
    year = {2017},
    booktitle = {Intelligent Control Design and MATLAB Simulation},
    author = {Liu, Jinkun},
    month = {9},
    pages = {1--290},
    publisher = {Springer Singapore},
    isbn = {9789811052637},
    doi = {10.1007/978-981-10-5263-7}
}

@inproceedings{Singh2009IntelligentRobot,
    title = {{Intelligent neuro-controller for navigation of mobile robot}},
    year = {2009},
    booktitle = {Proceedings of the International Conference on Advances in Computing, Communication and Control, ICAC3'09},
    author = {Singh, Mukesh Kumar and Parhi, Dayal R.},
    pages = {123--128},
    isbn = {9781605583518},
    doi = {10.1145/1523103.1523129},
    keywords = {Artificial neural network, Behavioral robotics, Evolutionary robotics, Mobile robot}
}

@misc{IntelligentLibros,
    title = {{Intelligent Robotics and Applications: 9th International Conference, ICIRA ... - Google Libros}},
    url = {https://books.google.com.ec/books?id=EcnIDAAAQBAJ&pg=PA189&lpg=PA189&dq=Victores,+J.G.,+Morante,+S.,+Jard%C3%B3n,+A.,+Balaguer,+C.:+Creating+robotic+assistance+force+by+multimodal+interaction.+In:+Iberoamerican+Congress+on+Technology+Support+Disabilities,+pp.+21%E2%80%9324+(2013)&source=bl&ots=-KbebmJneR&sig=ACfU3U0UhE2aowCB0MYwD1MLt07x9p3Geg&hl=es-419&sa=X&ved=2ahUKEwiJ1ezQ1cTmAhXGrFkKHfN5ArQQ6AEwAHoECAsQBA#v=onepage&q=Victores%2C%20J.G.%2C%20Morante%2C%20S.%2C%20Jard%C3%B3n%2C%20A.%2C%20Balaguer%2C%20C.%3A%20Creating%20robotic%20assistance%20force%20by%20multimodal%20interaction.%20In%3A%20Iberoamerican%20Congress%20on%20Technology%20Support%20Disabilities%2C%20pp.%2021%E2%80%9324%20(2013)&f=false}
}

@incollection{Liu2018IntroductionControl,
    title = {{Introduction to Intelligent Control}},
    year = {2018},
    booktitle = {Intelligent Control Design and MATLAB Simulation},
    author = {Liu, Jinkun and Liu, Jinkun},
    pages = {1--5},
    publisher = {Springer Singapore},
    doi = {10.1007/978-981-10-5263-7{\_}1}
}

@book{Tzafestas2013IntroductionControl,
    title = {{Introduction to Mobile Robot Control}},
    year = {2013},
    booktitle = {Introduction to Mobile Robot Control},
    author = {Tzafestas, Spyros G.},
    pages = {1--691},
    publisher = {Elsevier Inc.},
    isbn = {9780124170490},
    doi = {10.1016/C2013-0-01365-5}
}

@book{Beck2014IntroductionOptimization,
    title = {{Introduction to Nonlinear Optimization}},
    year = {2014},
    booktitle = {Introduction to Nonlinear Optimization},
    author = {Beck, Amir},
    month = {10},
    publisher = {Society for Industrial and Applied Mathematics},
    doi = {10.1137/1.9781611973655}
}

@misc{Schroder2006InvitedThickness,
    title = {{Invited review: Methods to determine body fat reserves in the dairy cow with special regard to ultrasonographic measurement of backfat thickness}},
    year = {2006},
    booktitle = {Journal of Dairy Science},
    author = {Schr{\"{o}}der, U. J. and Staufenbiel, R.},
    number = {1},
    month = {1},
    pages = {1--14},
    volume = {89},
    publisher = {American Dairy Science Association},
    doi = {10.3168/jds.S0022-0302(06)72064-1},
    issn = {00220302},
    keywords = {Backfat thickness, Body condition, Dairy herd management, Ultrasonography}
}

@book{Li2019KinematicNetworks,
    title = {{Kinematic Control of Redundant Robot Arms Using Neural Networks}},
    year = {2019},
    booktitle = {Kinematic Control of Redundant Robot Arms Using Neural Networks},
    author = {Li, Shuai and Jin, Long and Mirza, Mohammed Aquil},
    month = {3},
    publisher = {John Wiley {\&} Sons, Ltd},
    url = {http://doi.wiley.com/10.1002/9781119557005},
    address = {Chichester, UK},
    isbn = {9781119557005},
    doi = {10.1002/9781119557005}
}

@inproceedings{Baillieul1985KinematicManipulators,
    title = {{Kinematic programming alternatives for redundant manipulators}},
    year = {1985},
    booktitle = {Proceedings - IEEE International Conference on Robotics and Automation},
    author = {Baillieul, John},
    pages = {722--728},
    publisher = {Institute of Electrical and Electronics Engineers Inc.},
    isbn = {0818606150},
    doi = {10.1109/ROBOT.1985.1087234},
    issn = {10504729}
}

@inproceedings{Bischoff2011KUKAEducation,
    title = {{KUKA youBot - A mobile manipulator for research and education}},
    year = {2011},
    booktitle = {Proceedings - IEEE International Conference on Robotics and Automation},
    author = {Bischoff, Rainer and Huggenberger, Ulrich and Prassler, Erwin},
    isbn = {9781612843865},
    doi = {10.1109/ICRA.2011.5980575},
    issn = {10504729}
}

@incollection{Craig2006LaMecanicos,
    title = {{La mecanica y el control de los manipuladores mec{\'{a}}nicos }},
    year = {2006},
    booktitle = {Robotica},
    author = {Craig, John},
    chapter = {1},
    pages = {1--19},
    publisher = {Pearson Educaci{\'{o}}n },
    url = {https://books.google.com.mx/books?id=hRzOp_qdxG8C&pg=PA1&dq=robot+manipulador+industrial&hl=es-419&sa=X&ved=0ahUKEwix0YiBj_boAhXKTN8KHR0wDLUQ6AEIbjAI#v=onepage&q=robot manipulador industrial&f=false},
    address = {M{\'{e}}xico},
    isbn = {970-26-0772-8}
}

@book{Joseph2015LearningOpen-CV,
    title = {{Learning robotics using Python : design, simulate, program, and prototype an interactive sutonomous mobile robot fom scratch with the help of Python, ROS, and Open-CV!}},
    year = {2015},
    author = {Joseph, Lentin.},
    pages = {330},
    publisher = {Packt Publishing},
    isbn = {9781783287536}
}

@article{Bayle2003ManipulabilityGeneration,
    title = {{Manipulability of Wheeled Mobile Manipulators: Application to Motion Generation}},
    year = {2003},
    journal = {The International Journal of Robotics Research},
    author = {Bayle, B. and Fourquet, J. -Y. and Renaud, M.},
    number = {7-8},
    month = {7},
    pages = {565--581},
    volume = {22},
    publisher = {SAGE Publications},
    url = {http://journals.sagepub.com/doi/10.1177/02783649030227007},
    doi = {10.1177/02783649030227007},
    issn = {0278-3649},
    keywords = {Manipulability, Mobile manipulation, Motion planning, Nonholonomy}
}

@article{Cardona2018MathematicalMechanics,
    title = {{Mathematical modeling of mass center position of differential traction robot. An approach from Lagrangian mechanics}},
    year = {2018},
    journal = {Informacion Tecnologica},
    author = {Cardona, Juan P. and Leal, John J. and Ramirez, José L.},
    number = {6},
    month = {12},
    pages = {307--320},
    volume = {29},
    publisher = {Centro de Informacion Tecnologica},
    doi = {10.4067/S0718-07642018000600307},
    issn = {07180764},
    keywords = {Center of mass, Differential mobile robot, Dynamics, Lagrangian mechanics, Mathematical modeling}
}

@article{Cardona2018MathematicalMechanicsb,
    title = {{Mathematical modeling of mass center position of differential traction robot. An approach from Lagrangian mechanics}},
    year = {2018},
    journal = {Informacion Tecnologica},
    author = {Cardona, Juan P. and Leal, John J. and Ramirez, José L.},
    number = {6},
    month = {12},
    pages = {307--320},
    volume = {29},
    publisher = {Centro de Informacion Tecnologica},
    doi = {10.4067/S0718-07642018000600307},
    issn = {07180764},
    keywords = {Center of mass, Differential mobile robot, Dynamics, Lagrangian mechanics, Mathematical modeling}
}

@article{Zakariah2015MediumImplementation,
    title = {{Medium size dual-axis solar tracking system with sunlight intensity comparison method and fuzzy logic implementation}},
    year = {2015},
    journal = {Jurnal Teknologi},
    author = {Zakariah, Azwaan and Faramarzi, Mahdi and Jamian, Jasrul Jamani and Yunus, Mohd Amri Md},
    number = {17},
    pages = {145--157},
    volume = {77},
    publisher = {Penerbit UTM Press},
    doi = {10.11113/jt.v77.6468},
    issn = {01279696},
    keywords = {Dual-axis tracker, Fuzzy logic, Solar renewable energy, Sunlight intensity comparison method}
}

@inproceedings{Grabmair2011Model-based2-WMR,
    title = {{Model-based nonlinear control of 2-WMR}},
    year = {2011},
    booktitle = {Communications in Computer and Information Science},
    author = {Grabmair, Gernot},
    pages = {123--129},
    volume = {161 CCIS},
    isbn = {9783642219740},
    doi = {10.1007/978-3-642-21975-7{\_}12},
    issn = {18650929},
    keywords = {WMR, differential drive, model based design, nonlinear control, wheeled mobile robot}
}

@article{SandovalRivas2019Modelado2,
    title = {{Modelado para trabes de secci{\'{o}}n transversal rectangular con cartelas parab{\'{o}}licas: Parte 2}},
    year = {2019},
    journal = {Computaci{\'{o}}n y Sistemas},
    author = {Sandoval Rivas, Ricardo and Lu{\'{e}}vanos Rojas, Arnulfo and L{\'{o}}pez Chavarr{\'{i}}a, Sandra and Medina Elizondo, Manuel},
    number = {3},
    month = {10},
    pages = {409--419},
    volume = {23},
    publisher = {Instituto Politecnico Nacional/Centro de Investigacion en Computacion},
    doi = {10.13053/cys-23-3-2873},
    issn = {1405-5546}
}

@inproceedings{Andaluz2015ModelingDisplacements,
    title = {{Modeling and control of a wheelchair considering center of mass lateral displacements}},
    year = {2015},
    booktitle = {Lecture Notes in Computer Science (including subseries Lecture Notes in Artificial Intelligence and Lecture Notes in Bioinformatics)},
    author = {Andaluz, Víctor H. and Canseco, Paúl and Varela, José and Ortiz, Jessica S. and P{\'{e}}rez, María G. and Morales, Vicente and Robert{\'{i}}, Flavio and Carelli, Ricardo},
    pages = {254--270},
    volume = {9246},
    publisher = {Springer Verlag},
    doi = {10.1007/978-3-319-22873-0{\_}23},
    issn = {16113349},
    keywords = {Cascade control, Dynamic modeling, Lyapunov’s method, Wheelchair}
}

@inproceedings{Andaluz2015ModelingDisplacementsb,
    title = {{Modeling and control of a wheelchair considering center of mass lateral displacements}},
    year = {2015},
    booktitle = {Lecture Notes in Computer Science (including subseries Lecture Notes in Artificial Intelligence and Lecture Notes in Bioinformatics)},
    author = {Andaluz, Víctor H. and Canseco, Paúl and Varela, José and Ortiz, Jessica S. and P{\'{e}}rez, María G. and Morales, Vicente and Robert{\'{i}}, Flavio and Carelli, Ricardo},
    pages = {254--270},
    volume = {9246},
    publisher = {Springer Verlag},
    doi = {10.1007/978-3-319-22873-0{\_}23},
    issn = {16113349},
    keywords = {Cascade control, Dynamic modeling, Lyapunov’s method, Wheelchair}
}

@inproceedings{Andaluz2015ModelingDisplacementsc,
    title = {{Modeling and control of a wheelchair considering center of mass lateral displacements}},
    year = {2015},
    booktitle = {Lecture Notes in Computer Science (including subseries Lecture Notes in Artificial Intelligence and Lecture Notes in Bioinformatics)},
    author = {Andaluz, Víctor H. and Canseco, Paúl and Varela, José and Ortiz, Jessica S. and P{\'{e}}rez, María G. and Morales, Vicente and Robert{\'{i}}, Flavio and Carelli, Ricardo},
    pages = {254--270},
    volume = {9246},
    publisher = {Springer Verlag},
    doi = {10.1007/978-3-319-22873-0{\_}23},
    issn = {16113349},
    keywords = {Cascade control, Dynamic modeling, Lyapunov’s method, Wheelchair}
}

@inproceedings{Andaluz2016ModelingNMPC,
    title = {{Modeling dynamic of the human-wheelchair system applied to NMPC}},
    year = {2016},
    booktitle = {Lecture Notes in Computer Science (including subseries Lecture Notes in Artificial Intelligence and Lecture Notes in Bioinformatics)},
    author = {Andaluz, Gabriela M. and Andaluz, Víctor H. and Ter{\'{a}}n, Héctor C. and Arteaga, Oscar and Chicaiza, Fernando A. and Varela, José and Ortiz, Jessica S. and P{\'{e}}rez, Fabricio and Rivas, David and S{\'{a}}nchez, Jorge S. and Canseco, Paúl},
    pages = {179--190},
    volume = {9835 LNCS},
    publisher = {Springer Verlag},
    isbn = {9783319435176},
    doi = {10.1007/978-3-319-43518-3{\_}18},
    issn = {16113349},
    keywords = {Control algorithms, Dynamic modeling, Helpful robots, Model predictive contro, Trajectory tracking, Wheelchair}
}

@inproceedings{Andaluz2016ModelingNMPCb,
    title = {{Modeling dynamic of the human-wheelchair system applied to NMPC}},
    year = {2016},
    booktitle = {Lecture Notes in Computer Science (including subseries Lecture Notes in Artificial Intelligence and Lecture Notes in Bioinformatics)},
    author = {Andaluz, Gabriela M. and Andaluz, Víctor H. and Ter{\'{a}}n, Héctor C. and Arteaga, Oscar and Chicaiza, Fernando A. and Varela, José and Ortiz, Jessica S. and P{\'{e}}rez, Fabricio and Rivas, David and S{\'{a}}nchez, Jorge S. and Canseco, Paúl},
    pages = {179--190},
    volume = {9835 LNCS},
    publisher = {Springer Verlag},
    isbn = {9783319435176},
    doi = {10.1007/978-3-319-43518-3{\_}18},
    issn = {16113349},
    keywords = {Control algorithms, Dynamic modeling, Helpful robots, Model predictive contro, Trajectory tracking, Wheelchair}
}

@inproceedings{Andaluz2016ModelingNMPCc,
    title = {{Modeling dynamic of the human-wheelchair system applied to NMPC}},
    year = {2016},
    booktitle = {Lecture Notes in Computer Science (including subseries Lecture Notes in Artificial Intelligence and Lecture Notes in Bioinformatics)},
    author = {Andaluz, Gabriela M. and Andaluz, Víctor H. and Ter{\'{a}}n, Héctor C. and Arteaga, Oscar and Chicaiza, Fernando A. and Varela, José and Ortiz, Jessica S. and P{\'{e}}rez, Fabricio and Rivas, David and S{\'{a}}nchez, Jorge S. and Canseco, Paúl},
    pages = {179--190},
    volume = {9835 LNCS},
    publisher = {Springer Verlag},
    isbn = {9783319435176},
    doi = {10.1007/978-3-319-43518-3{\_}18},
    issn = {16113349},
    keywords = {Control algorithms, Dynamic modeling, Helpful robots, Model predictive contro, Trajectory tracking, Wheelchair}
}

@inproceedings{Andaluz2016ModelingNMPCd,
    title = {{Modeling dynamic of the human-wheelchair system applied to NMPC}},
    year = {2016},
    booktitle = {Lecture Notes in Computer Science (including subseries Lecture Notes in Artificial Intelligence and Lecture Notes in Bioinformatics)},
    author = {Andaluz, Gabriela M. and Andaluz, Víctor H. and Ter{\'{a}}n, Héctor C. and Arteaga, Oscar and Chicaiza, Fernando A. and Varela, José and Ortiz, Jessica S. and P{\'{e}}rez, Fabricio and Rivas, David and S{\'{a}}nchez, Jorge S. and Canseco, Paúl},
    pages = {179--190},
    volume = {9835 LNCS},
    publisher = {Springer Verlag},
    isbn = {9783319435176},
    doi = {10.1007/978-3-319-43518-3{\_}18},
    issn = {16113349},
    keywords = {Control algorithms, Dynamic modeling, Helpful robots, Model predictive contro, Trajectory tracking, Wheelchair}
}

@inproceedings{Varela-Aldas2018ModellingTracking,
    title = {{Modelling and control of a mobile manipulator for trajectory tracking}},
    year = {2018},
    booktitle = {Proceedings - 3rd International Conference on Information Systems and Computer Science, INCISCOS 2018},
    author = {Varela-Aldas, Jose and Andaluz, Victor Hugo and Chicaiza, Fernando A.},
    month = {12},
    pages = {69--74},
    volume = {2018-December},
    publisher = {Institute of Electrical and Electronics Engineers Inc.},
    isbn = {9781538676127},
    doi = {10.1109/INCISCOS.2018.00018},
    keywords = {Dynamic control, Mathematical modeling, Mobile manipulator, Stability analysis}
}

@inproceedings{Varela-Aldas2018ModellingTrackingb,
    title = {{Modelling and control of a mobile manipulator for trajectory tracking}},
    year = {2018},
    booktitle = {Proceedings - 3rd International Conference on Information Systems and Computer Science, INCISCOS 2018},
    author = {Varela-Aldas, Jose and Andaluz, Victor Hugo and Chicaiza, Fernando A.},
    month = {12},
    pages = {69--74},
    volume = {2018-Decem},
    publisher = {Institute of Electrical and Electronics Engineers Inc.},
    isbn = {9781538676127},
    doi = {10.1109/INCISCOS.2018.00018},
    keywords = {Dynamic control, Mathematical modeling, Mobile manipulator, Stability analysis}
}

@inproceedings{Varela-Aldas2018ModellingTrackingc,
    title = {{Modelling and control of a mobile manipulator for trajectory tracking}},
    year = {2018},
    booktitle = {Proceedings - 3rd International Conference on Information Systems and Computer Science, INCISCOS 2018},
    author = {Varela-Aldas, Jose and Andaluz, Victor Hugo and Chicaiza, Fernando A.},
    month = {12},
    pages = {69--74},
    volume = {2018-December},
    publisher = {Institute of Electrical and Electronics Engineers Inc.},
    isbn = {9781538676127},
    doi = {10.1109/INCISCOS.2018.00018},
    keywords = {Dynamic control, Mathematical modeling, Mobile manipulator, Stability analysis}
}

@misc{MovilesROBOTICA,
    title = {{Moviles - ROBOTICA}},
    url = {https://sites.google.com/a/unitecnica.net/dmhenao/articulos/movile}
}

@inproceedings{Biswas2012MultichannelRehabilitation,
    title = {{Multichannel fused EMG based biofeedback system with virtual reality for gait rehabilitation}},
    year = {2012},
    booktitle = {4th International Conference on Intelligent Human Computer Interaction: Advancing Technology for Humanity, IHCI 2012},
    author = {Biswas, Karnika and Mazumder, Oishee and Kundu, Ananda Sankar},
    isbn = {9781467343695},
    doi = {10.1109/IHCI.2012.6481834},
    keywords = {EMG, Gait, Redundant fusion, Stride time, VR model}
}

@article{Hornik1989MultilayerApproximators,
    title = {{Multilayer feedforward networks are universal approximators}},
    year = {1989},
    journal = {Neural Networks},
    author = {Hornik, Kurt and Stinchcombe, Maxwell and White, Halbert},
    number = {5},
    month = {1},
    pages = {359--366},
    volume = {2},
    publisher = {Pergamon},
    doi = {10.1016/0893-6080(89)90020-8},
    issn = {08936080},
    keywords = {Back-propagation networks, Feedforward networks, Mapping networks, Network representation capability, Sigma-Pi networks, Squashing functions, Stone-Weierstrass Theorem, Universal approximation}
}

@article{Hornik1989MultilayerApproximatorsb,
    title = {{Multilayer feedforward networks are universal approximators}},
    year = {1989},
    journal = {Neural Networks},
    author = {Hornik, Kurt and Stinchcombe, Maxwell and White, Halbert},
    number = {5},
    month = {1},
    pages = {359--366},
    volume = {2},
    publisher = {Pergamon},
    doi = {10.1016/0893-6080(89)90020-8},
    issn = {08936080},
    keywords = {Back-propagation networks, Feedforward networks, Mapping networks, Network representation capability, Sigma-Pi networks, Squashing functions, Stone-Weierstrass Theorem, Universal approximation}
}

@article{Acosta2019MultirobotObjectives,
    title = {{Multirobot heterogeneous control considering secondary objectives}},
    year = {2019},
    journal = {Sensors (Switzerland)},
    author = {Acosta, Julio F. and de Rivera, Guillermo González and Andaluz, Víctor Hugo and Garrido, Javier},
    number = {20},
    month = {10},
    volume = {19},
    publisher = {MDPI AG},
    doi = {10.3390/s19204367},
    issn = {14248220}
}

@inproceedings{Yang2017NeuralTracking,
    title = {{Neural network control method for mobile robot trajectory tracking}},
    year = {2017},
    booktitle = {Lecture Notes in Computer Science (including subseries Lecture Notes in Artificial Intelligence and Lecture Notes in Bioinformatics)},
    author = {Yang, Pan and Han, Sheng and Lin, Youfang},
    month = {11},
    pages = {199--212},
    volume = {10607 LNAI},
    publisher = {Springer Verlag},
    isbn = {9783319694559},
    doi = {10.1007/978-3-319-69456-6{\_}17},
    issn = {16113349},
    keywords = {Backpropagation iterative algorithm, Mixed Pi-Sigma neural network, Mobile robot, T-S fuzzy control, Trajectory tracking control}
}

@techreport{Velagic2008NeuralControl,
    title = {{Neural Network Controller for Mobile Robot Motion Control}},
    year = {2008},
    booktitle = {undefined},
    author = {Velagic, Jasmin and Osmic, Nedim and Lacevic, Bakir},
    keywords = {Mobile robot, adaptive learning rate, kinematic model, motion control, neural network}
}

@article{Hernandez-Alvarado2016NeuralVehicles,
    title = {{Neural Network-Based Self-Tuning PID Control for Underwater Vehicles}},
    year = {2016},
    journal = {Sensors},
    author = {Hern{\'{a}}ndez-Alvarado, Rodrigo and Garc{\'{i}}a-Valdovinos, Luis and Salgado-Jim{\'{e}}nez, Tomás and G{\'{o}}mez-Espinosa, Alfonso and Fonseca-Navarro, Fernando},
    number = {9},
    month = {9},
    pages = {1429},
    volume = {16},
    publisher = {MDPI AG},
    url = {http://www.mdpi.com/1424-8220/16/9/1429},
    doi = {10.3390/s16091429},
    issn = {1424-8220},
    keywords = {Auto-tuning PID, Disturbances, Neural networks, ROV control}
}

@article{Hernandez-Alvarado2016NeuralVehiclesb,
    title = {{Neural Network-Based Self-Tuning PID Control for Underwater Vehicles}},
    year = {2016},
    journal = {Sensors},
    author = {Hern{\'{a}}ndez-Alvarado, Rodrigo and Garc{\'{i}}a-Valdovinos, Luis and Salgado-Jim{\'{e}}nez, Tomás and G{\'{o}}mez-Espinosa, Alfonso and Fonseca-Navarro, Fernando},
    number = {9},
    month = {9},
    pages = {1429},
    volume = {16},
    publisher = {MDPI AG},
    url = {http://www.mdpi.com/1424-8220/16/9/1429},
    doi = {10.3390/s16091429},
    issn = {1424-8220},
    keywords = {Auto-tuning PID, Disturbances, Neural networks, ROV control}
}

@inproceedings{Andaluz2015NonlinearMonitoring,
    title = {{Nonlinear controller of quadcopters for agricultural monitoring}},
    year = {2015},
    booktitle = {Lecture Notes in Computer Science (including subseries Lecture Notes in Artificial Intelligence and Lecture Notes in Bioinformatics)},
    author = {Andaluz, Víctor H. and L{\'{o}}pez, Edison and Manobanda, David and Guamushig, Franklin and Chicaiza, Fernando and S{\'{a}}nchez, Jorge S. and Rivas, David and P{\'{e}}rez, Fabricio and S{\'{a}}nchez, Carlos and Morales, Vicente},
    pages = {476--487},
    volume = {9474},
    publisher = {Springer Verlag},
    isbn = {9783319278568},
    doi = {10.1007/978-3-319-27857-5{\_}43},
    issn = {16113349},
    keywords = {Agriculture monitoring, Non-linear systems, Quadcopters, Unified motion control}
}

@misc{NormaCalidad,
    title = {{Norma ISO 9000:2015: definiciones en gesti{\'{o}}n de la calidad}},
    url = {https://geoinnova.org/blog-territorio/iso-9000-2015/amp/?gclid=Cj0KCQiAr8bwBRD4ARIsAHa4YyJpLYciVHysimNdAeKOD3QaeGTq3pa7kSXvyKua2djPYa3PMpvD1XMaAgCTEALw_wcB}
}

@book{Pytlak1999NumericalConstraints,
    title = {{Numerical Methods for Optimal Control Problems with State Constraints}},
    year = {1999},
    author = {Pytlak, Radosław},
    series = {Lecture Notes in Mathematics},
    volume = {1707},
    publisher = {Springer Berlin Heidelberg},
    url = {http://link.springer.com/10.1007/BFb0097244},
    address = {Berlin, Heidelberg},
    isbn = {978-3-540-66214-3},
    doi = {10.1007/BFb0097244}
}

@article{Azzaro2011ObjectiveImages,
    title = {{Objective estimation of body condition score by modeling cow body shape from digital images}},
    year = {2011},
    journal = {Journal of Dairy Science},
    author = {Azzaro, G. and Caccamo, M. and Ferguson, J. D. and Battiato, S. and Farinella, G. M. and Guarnera, G. C. and Puglisi, G. and Petriglieri, R. and Licitra, G.},
    number = {4},
    month = {4},
    pages = {2126--2137},
    volume = {94},
    publisher = {Elsevier},
    doi = {10.3168/jds.2010-3467},
    issn = {00220302},
    keywords = {Body condition score, Body shape, Digital imaging}
}

@incollection{Petric2015ObstacleRobots,
    title = {{Obstacle avoidance with industrial robots}},
    year = {2015},
    booktitle = {Mechanisms and Machine Science},
    author = {Petri{\v{c}}, T. and Gams, A. and Likar, N. and {\v{Z}}lajpah, L.},
    pages = {113--145},
    volume = {29},
    publisher = {Kluwer Academic Publishers},
    doi = {10.1007/978-3-319-14705-5{\_}5},
    issn = {22110992},
    keywords = {Dynamic movement primitives, Kinematic control, Obstacle avoidance, Prioritized task control, Redundant robots}
}

@incollection{Petric2015ObstacleRobotsb,
    title = {{Obstacle avoidance with industrial robots}},
    year = {2015},
    booktitle = {Mechanisms and Machine Science},
    author = {Petri{\v{c}}, T. and Gams, A. and Likar, N. and {\v{Z}}lajpah, L.},
    pages = {113--145},
    volume = {29},
    publisher = {Kluwer Academic Publishers},
    doi = {10.1007/978-3-319-14705-5{\_}5},
    issn = {22110992},
    keywords = {Dynamic movement primitives, Kinematic control, Obstacle avoidance, Prioritized task control, Redundant robots}
}

@article{Liu2011Open-hardwareResearch,
    title = {{Open-hardware e-puck Linux extension board for experimental swarm robotics research}},
    year = {2011},
    journal = {Microprocessors and Microsystems},
    author = {Liu, Wenguo and Winfield, Alan F.T.},
    number = {1},
    month = {2},
    pages = {60--67},
    volume = {35},
    publisher = {Elsevier},
    doi = {10.1016/j.micpro.2010.08.002},
    issn = {01419331},
    keywords = {Embedded Linux, Mobile robotics, Swarm robotics}
}

@article{Pandey2017OptimumAlgorithm,
    title = {{Optimum path planning of mobile robot in unknown static and dynamic environments using Fuzzy-Wind Driven Optimization algorithm}},
    year = {2017},
    journal = {Defence Technology},
    author = {Pandey, Anish and Parhi, Dayal R.},
    number = {1},
    month = {2},
    pages = {47--58},
    volume = {13},
    publisher = {China Ordnance Society},
    doi = {10.1016/j.dt.2017.01.001},
    issn = {22149147},
    keywords = {Atmospheric motion, Membership function, Navigation, Singleton type-1 fuzzy, Wind driven optimization}
}

@misc{PLA:3Dnatives,
    title = {{PLA: ¿Es realmente ecol{\'{o}}gico el filamento? - 3Dnatives}},
    url = {https://www.3dnatives.com/es/ecologico-realmente-filamento-pla-230720192/}
}

@book{Betts2010PracticalProgramming,
    title = {{Practical methods for optimal control and estimation using nonlinear programming}},
    year = {2010},
    author = {Betts, John T.},
    pages = {434},
    publisher = {Society for Industrial and Applied Mathematics},
    isbn = {9780898716887}
}

@misc{RelacionHolstein,
    title = {{Relaci{\'{o}}n entre condici{\'{o}}n corporal y eficiencia reproductiva en vacas holstein}},
    url = {https://biblat.unam.mx/es/revista/biotecnologia-en-el-sector-agropecuario-y-agroindustrial/articulo/relacion-entre-condicion-corporal-y-eficiencia-reproductiva-en-vacas-holstein}
}

@misc{RelacionDialnet,
    title = {{Relaci{\'{o}}n entre condici{\'{o}}n corporal y eficiencia reproductiva en vacas holstein - Dialnet}},
    url = {https://dialnet.unirioja.es/servlet/articulo?codigo=6117891}
}

@article{Shamir1988RepeatabilityProblem,
    title = {{Repeatability of Redundant Manipulators: Mathematical Solution of the Problem}},
    year = {1988},
    journal = {IEEE Transactions on Automatic Control},
    author = {Shamir, Tzila and Yomdin, Yosef},
    number = {11},
    pages = {1004--1009},
    volume = {33},
    doi = {10.1109/9.14412},
    issn = {15582523}
}

@article{Klein1983ReviewManipulators,
    title = {{Review of Pseudoinverse Control for Use with Kinematically Redundant Manipulators}},
    year = {1983},
    journal = {IEEE Transactions on Systems, Man and Cybernetics},
    author = {Klein, Charles A. and Huang, Ching Hsiang},
    number = {2},
    pages = {245--250},
    volume = {SMC-13},
    doi = {10.1109/TSMC.1983.6313123},
    issn = {21682909}
}

@misc{RobotLibre,
    title = {{Robot m{\'{o}}vil - Wikipedia, la enciclopedia libre}},
    url = {https://es.wikipedia.org/wiki/Robot_m%C3%B3vil}
}

@book{Corke2017RoboticsControl,
    title = {{Robotics, Vision {\&} Control}},
    year = {2017},
    booktitle = {Robotics Toolbox},
    author = {Corke, Peter},
    volume = {73},
    url = {http://petercorke.com/Robotics_Toolbox.html%0Ahttp://link.springer.com/10.1007/978-3-642-20144-8},
    isbn = {9783642201431},
    doi = {10.1007/978-3-642-20144-8}
}

@article{Andaluz2014RobustSystem,
    title = {{Robust control with dynamic compensation for human-wheelchair system}},
    year = {2014},
    journal = {Lecture Notes in Computer Science (including subseries Lecture Notes in Artificial Intelligence and Lecture Notes in Bioinformatics)},
    author = {Andaluz, Víctor H. and Canseco, Paúl and Varela Aldas, José and Ortiz, Jessica S. and P{\'{e}}rez, María G. and Roberti, Flavio and Carelli, Ricardo},
    pages = {376--389},
    volume = {8917},
    publisher = {Springer Verlag},
    doi = {10.1007/978-3-319-13966-1{\_}37},
    issn = {16113349},
    keywords = {Dynamic control and dynamic modeling, Human-wheelchair system}
}

@article{Andaluz2014RobustSystemb,
    title = {{Robust control with dynamic compensation for human-wheelchair system}},
    year = {2014},
    journal = {Lecture Notes in Computer Science (including subseries Lecture Notes in Artificial Intelligence and Lecture Notes in Bioinformatics)},
    author = {Andaluz, Víctor H. and Canseco, Paúl and Varela Aldas, José and Ortiz, Jessica S. and P{\'{e}}rez, María G. and Roberti, Flavio and Carelli, Ricardo},
    pages = {376--389},
    volume = {8917},
    publisher = {Springer Verlag},
    doi = {10.1007/978-3-319-13966-1{\_}37},
    issn = {16113349},
    keywords = {Dynamic control and dynamic modeling, Human-wheelchair system}
}

@inproceedings{Andaluz2010RobustManipulators,
    title = {{Robust control with redundancy resolution and dynamic compensation for mobile manipulators}},
    year = {2010},
    booktitle = {Proceedings of the IEEE International Conference on Industrial Technology},
    author = {Andaluz, Víctor and Roberti, Flavio and Carelli, Ricardo},
    pages = {1469--1474},
    isbn = {9781424456970},
    doi = {10.1109/ICIT.2010.5472488}
}

@inproceedings{Andaluz2010RobustManipulatorsb,
    title = {{Robust control with redundancy resolution and dynamic compensation for mobile manipulators}},
    year = {2010},
    booktitle = {Proceedings of the IEEE International Conference on Industrial Technology},
    author = {Andaluz, Víctor and Roberti, Flavio and Carelli, Ricardo},
    pages = {1469--1474},
    isbn = {9781424456970},
    doi = {10.1109/ICIT.2010.5472488}
}

@misc{ROS/IntroductionWiki,
    title = {{ROS/Introduction - ROS Wiki}},
    url = {http://wiki.ros.org/ROS/Introduction}
}

@article{Guzman2014SeguimientoDiferencial,
    title = {{Seguimiento de trayectorias con un robot m{\'{o}}vil de configuraci{\'{o}}n diferencial}},
    year = {2014},
    journal = {Ingenier{\'{i}}as USBMed},
    author = {Guzm{\'{a}}n, Leonardo Enrique Solaque and Villa, Manuel Alejandro Molina and V{\'{a}}squez, Edgar Leonardo Rodríguez},
    number = {1},
    month = {6},
    pages = {26--34},
    volume = {5},
    doi = {10.21500/20275846.298},
    issn = {2027-5846},
    keywords = {Configuraci{\'{o}}n diferencial, Differential configuration, Kinematic modeling, Path-following., Rob{\'{o}}tica m{\'{o}}vil, modelado cinem{\'{a}}tico, trayectorias. Mobile robotics}
}

@article{SolaqueGuzman2014SeguimientoDiferencial,
    title = {{Seguimiento de trayectorias con un robot m{\'{o}}vil de configuraci{\'{o}}n diferencial}},
    year = {2014},
    journal = {Ingenier{\'{i}}as USBMed},
    author = {Solaque Guzm{\'{a}}n, Leonardo Enrique and Molina Villa, Manuel Alejandro and Rodr{\'{i}}guez V{\'{a}}squez, Edgar Leonardo},
    number = {1},
    month = {6},
    pages = {26--34},
    volume = {5},
    publisher = {Universidad de San Buenaventura},
    doi = {10.21500/20275846.298},
    issn = {2027-5846},
    keywords = {Configuraci{\'{o}}n diferencial, Rob{\'{o}}tica m{\'{o}}vil, modelado cinem{\'{a}}tico, trayectorias}
}

@article{SolaqueGuzman2014SeguimientoDiferencialb,
    title = {{Seguimiento de trayectorias con un robot m{\'{o}}vil de configuraci{\'{o}}n diferencial}},
    year = {2014},
    journal = {Ingenier{\'{i}}as USBMed},
    author = {Solaque Guzm{\'{a}}n, Leonardo Enrique and Molina Villa, Manuel Alejandro and Rodr{\'{i}}guez V{\'{a}}squez, Edgar Leonardo},
    number = {1},
    month = {6},
    pages = {26--34},
    volume = {5},
    publisher = {Universidad de San Buenaventura},
    doi = {10.21500/20275846.298},
    issn = {2027-5846},
    keywords = {Configuraci{\'{o}}n diferencial, Rob{\'{o}}tica m{\'{o}}vil, modelado cinem{\'{a}}tico, trayectorias}
}

@article{Yang1999SlidingRobots,
    title = {{Sliding mode control for trajectory tracking of nonholonomic wheeled mobile robots}},
    year = {1999},
    journal = {IEEE Transactions on Robotics and Automation},
    author = {Yang, Jung Min and Kim, Jong Hwan},
    number = {3},
    pages = {578--587},
    volume = {15},
    publisher = {IEEE},
    doi = {10.1109/70.768190},
    issn = {1042296X}
}

@inproceedings{Hata2014TheROBUST,
    title = {{The study of a customisable all terrain mobile robot (ROBUST)}},
    year = {2014},
    booktitle = {2014 11th International Conference on Ubiquitous Robots and Ambient Intelligence, URAI 2014},
    author = {Hata, Muhammad Arif Azri B.Mohd and Baharin, Ishkandar},
    pages = {232--237},
    publisher = {Institute of Electrical and Electronics Engineers Inc.},
    isbn = {9781479953325},
    doi = {10.1109/URAI.2014.7057447},
    keywords = {Customizable all terrain mobile robot, all terrain robot, built-in robot, designing mobile robot, track wheel}
}

@article{Poonawala2017Time-optimalRobots,
    title = {{Time-optimal velocity tracking control for differential drive robots}},
    year = {2017},
    journal = {Automatica},
    author = {Poonawala, Hasan A. and Spong, Mark W.},
    month = {11},
    pages = {153--157},
    volume = {85},
    publisher = {Elsevier Ltd},
    doi = {10.1016/j.automatica.2017.07.038},
    issn = {00051098},
    arxivId = {1706.05095},
    keywords = {Differential drive robots, Regular synthesis, Time-optimal control}
}

@article{Bastos-Filho2014TowardsWheelchair,
    title = {{Towards a new modality-independent interface for a robotic wheelchair}},
    year = {2014},
    journal = {IEEE Transactions on Neural Systems and Rehabilitation Engineering},
    author = {Bastos-Filho, Teodiano Freire and Cheein, Fernando Auat and Muller, Sandra Mara Torres and Celeste, Wanderley Cardoso and De La Cruz, Celso and Cavalieri, Daniel Cruz and Sarcinelli-Filho, Mario and Amaral, Paulo Faria Santos and Perez, Elisa and Soria, Carlos Miguel and Carelli, Ricardo},
    number = {3},
    pages = {567--584},
    volume = {22},
    publisher = {Institute of Electrical and Electronics Engineers Inc.},
    doi = {10.1109/TNSRE.2013.2265237},
    issn = {15344320}
}

@inproceedings{Yuan2001TrackingApproach,
    title = {{Tracking control of a mobile robot using a neural dynamics based approach}},
    year = {2001},
    booktitle = {Proceedings - IEEE International Conference on Robotics and Automation},
    author = {Yuan, G. and Yang, S. X. and Mittal, G. S.},
    pages = {163--168},
    volume = {1},
    doi = {10.1109/robot.2001.932547},
    issn = {10504729}
}

@article{Tian2016TrajectoryGradient,
    title = {{Trajectory optimization of airdropped loitering aerial vehicle based on gauss pseudospectral method considering the wind gradient}},
    year = {2016},
    journal = {Journal of Computational and Theoretical Nanoscience},
    author = {Tian, He Fei and Li, Jie and Yang, Cheng Wei},
    number = {7},
    month = {7},
    pages = {4390--4398},
    volume = {13},
    publisher = {American Scientific Publishers},
    doi = {10.1166/jctn.2016.5297},
    issn = {15461963},
    keywords = {Applied Mathematics, Gauss Pseudo Spectral Method, Loitering Aerial Vehicle, Time-Critical Target, Trajectory Optimization, Wind Gradient}
}

@inproceedings{Osusky2018TrajectoryRobot,
    title = {{Trajectory tracking robust control for two wheels robot}},
    year = {2018},
    booktitle = {Proceedings of the 29th International Conference on Cybernetics and Informatics, K and I 2018},
    author = {Osusky, Jakub and Ciganek, Jan},
    month = {4},
    pages = {1--4},
    volume = {2018-January},
    publisher = {Institute of Electrical and Electronics Engineers Inc.},
    isbn = {9781538644218},
    doi = {10.1109/CYBERI.2018.8337559},
    keywords = {Small Gain Theorem, frequency domain, robust control, two wheels mobile robot}
}

@book{Klancar2017WheeledRobotics,
    title = {{Wheeled Mobile Robotics}},
    year = {2017},
    author = {Klan{\v{c}}ar, Gregor and Zde{\v{s}}ar, Andrej and Bla{\v{z}}i{\v{c}}, Sašo and {\v{S}}krjanc, Igor},
    pages = {502},
    isbn = {9780128042045}
}

@misc{PDFScholar,
    title = {{[PDF] Modelaci{\'{o}}n, identificaci{\'{o}}n y control de robots m{\'{o}}viles | Semantic Scholar}},
    url = {https://www.semanticscholar.org/paper/Modelaci%C3%B3n%2C-identificaci%C3%B3n-y-control-de-robots-Ortiz-Acosta/83ae68e5b12ff9f76f1acf3cb372bb8aabb83fb5}
}

@misc{QueTIC,
    title = {{¿Qu{\'{e}} son las TIC?}},
    url = {http://tutorial.cch.unam.mx/bloque4/lasTIC}
}