
\begin{comment}
Aqui temos um exemplo de referências bibliográficas. Para mais exemplos, acesse
https://en.wikibooks.org/wiki/LaTeX/Bibliography_Management#BibTeX
\end{comment}

%Exemplo de um livro
@book{schell2014,
 author = {J. Schell},
 title = {The Art of Game Design: A Book of Lenses},
 year = {2014},
 isbn = {1466598646, 9781466598645},
 edition = {2nd},
 publisher = {A. K. Peters, Ltd.}
}

%Exemplo de um artigo publicado em revista 
@article{LIMA2018,
author = "P. Lima and E. Guerra and P. Meirelles and L. Kanashiro and H. Silva and F. Silveira",
keywords = "Code annotation, Software metrics, Thresholds",
title = "A Metrics Suite for Code Annotation Assessment",
journal = "Journal of Systems and Software",
volume = "137",
pages = "163 - 183",
year = "2018",
issn = "0164-1212",
doi = "https://doi.org/10.1016/j.jss.2017.11.024",
url = "http://www.sciencedirect.com/science/article/pii/S016412121730273X"
}

%Exemplo de um site
@online{latexMath,
  author = {WikiBooks},
  title = {{LaTeX/Mathematics}},
  url = {en.wikibooks.org/wiki/LaTeX/Mathematics},
  urldate = {2019-07-01}
}

%Exemplo de um artigo publicado em anais de congresso.
@inproceedings{Lima2017,
 author = {P. Lima and E. Guerra and M. Nardes and A. Mocci and G. Bavota and M. Lanza},
 title = {An Annotation-based API for Supporting Runtime Code Annotation Reading},
 booktitle = {Proceedings of the 2Nd ACM SIGPLAN International Workshop on Meta-Programming Techniques and Reflection},
 series = {Meta 2017},
 year = {2017},
 isbn = {978-1-4503-5523-0},
 location = {Vancouver, BC, Canada},
 pages = {6--14},
 numpages = {9},
 url = {http://doi.acm.org/10.1145/3141517.3141856},
 doi = {10.1145/3141517.3141856},
 acmid = {3141856},
 publisher = {ACM},
 address = {New York, NY, USA},
 keywords = {code annotation, framework development, metadata},
}

%Exemplo de um artigo publicado em revista com dois autores
@article{LIMAteste,
author = "P. Lima and E. Guerra",
keywords = "Code annotation, Software metrics, Thresholds",
title = "A Metrics Suite for Code Annotation Assessment",
journal = "Journal of Systems and Software",
volume = "137",
pages = "163 - 183",
year = "2018",
issn = "0164-1212",
doi = "https://doi.org/10.1016/j.jss.2017.11.024",
url = "http://www.sciencedirect.com/science/article/pii/S016412121730273X"
}

@article{Watanabe2000,
    title = {{Analysis and control for an omnidirectional mobile manipulator}},
    year = {2000},
    journal = {Journal of Intelligent and Robotic Systems: Theory and Applications},
    author = {Watanabe, Keigo and Sato, Kazuya and Izumi, Kiyotaka and Kunitake, Yutaka},
    number = {1-2},
    month = {1},
    pages = {3--20},
    volume = {27},
    publisher = {Kluwer Academic Publishers},
    doi = {10.1023/A:1008145910986},
    issn = {09210296}
}

@article{Li2016,
    title = {{Fundamentals in modeling and control of mobile manipulators}},
    year = {2016},
    author = {Li, Z and Ge, SS},
    url = {https://content.taylorfrancis.com/books/download?dac=C2012-0-09730-5&isbn=9781466580428&format=googlePreviewPdf}
}
@misc{Encuesta,
    title = {{Encuesta de Superficie y Producci{\'{o}}n- Agropecuaria- Continua (BBD) |}},
    url = {https://www.ecuadorencifras.gob.ec/encuesta-de-superficie-y-produccion-agropecuaria-continua-bbd/}
}
@techreport{Eversole2014BodyCows,
    title = {{Body Condition Scoring Beef Cows}},
    year = {2014},
    author = {Eversole, Dan Edward and Browne, Milyssa F. and Hall, John Burton, 1960- and Dietz, Richard E.},
    month = {6},
    publisher = {Virginia Cooperative Extension},
    url = {www.ext.vt.edu},
    keywords = {Animal health, Animal nutrition, Beef Cattle, Beef cattle, Cattle, Condition scoring, Health}
}
@misc{ImportanciaCria,
    title = {{Importancia del uso de la condici{\'{o}}n corporal en la ganader{\'{i}}a de cr{\'{i}}a}},
    url = {https://www.agrositio.com.ar/noticia/33604-importancia-del-uso-de-la-condicion-corporal-en-la-ganaderia-de-cria}
}

@misc{Arias2008FactoresLeche,
    title = {{Factores clim{\'{a}}ticos que afectan el desempe{\~{n}}o productivo del ganado bovino de carne y leche}},
    year = {2008},
    booktitle = {Archivos de Medicina Veterinaria},
    author = {Arias, R. A. and Mader, T. L. and Escobar, P. C.},
    number = {1},
    pages = {7--22},
    volume = {40},
    publisher = {REVISION BIBLIOGRAFICA},
    url = {https://scielo.conicyt.cl/scielo.php?script=sci_arttext&pid=S0301-732X2008000100002&lng=es&nrm=iso&tlng=es https://scielo.conicyt.cl/scielo.php?script=sci_abstract&pid=S0301-732X2008000100002&lng=es&nrm=iso&tlng=es},
    doi = {10.4067/s0301-732x2008000100002},
    issn = {0301732X},
    keywords = {Animal welfare, Beef and dairy cattle, Climatic factors, Stress}
}

@article{Halachmi2013AutomaticImaging,
    title = {{Automatic assessment of dairy cattle body condition score using thermal imaging}},
    year = {2013},
    journal = {Computers and Electronics in Agriculture},
    author = {Halachmi, I. and Klop{\v{c}}i{\v{c}}, M. and Polak, P. and Roberts, D. J. and Bewley, J. M.},
    month = {11},
    pages = {35--40},
    volume = {99},
    publisher = {Elsevier B.V.},
    doi = {10.1016/j.compag.2013.08.012},
    issn = {01681699},
    keywords = {Body condition scoring (BCS), Dairy cows, Image processing, Thermal camera}
}

@article{Azzaro2011ObjectiveImages,
    title = {{Objective estimation of body condition score by modeling cow body shape from digital images}},
    year = {2011},
    journal = {Journal of Dairy Science},
    author = {Azzaro, G. and Caccamo, M. and Ferguson, J. D. and Battiato, S. and Farinella, G. M. and Guarnera, G. C. and Puglisi, G. and Petriglieri, R. and Licitra, G.},
    number = {4},
    month = {4},
    pages = {2126--2137},
    volume = {94},
    publisher = {Elsevier},
    doi = {10.3168/jds.2010-3467},
    issn = {00220302},
    keywords = {Body condition score, Body shape, Digital imaging}
}
@misc{RelacionHolstein,
    title = {{Relaci{\'{o}}n entre condici{\'{o}}n corporal y eficiencia reproductiva en vacas holstein}},
    url = {https://biblat.unam.mx/es/revista/biotecnologia-en-el-sector-agropecuario-y-agroindustrial/articulo/relacion-entre-condicion-corporal-y-eficiencia-reproductiva-en-vacas-holstein}
}

@misc{Schroder2006InvitedThickness,
    title = {{Invited review: Methods to determine body fat reserves in the dairy cow with special regard to ultrasonographic measurement of backfat thickness}},
    year = {2006},
    booktitle = {Journal of Dairy Science},
    author = {Schr{\"{o}}der, U. J. and Staufenbiel, R.},
    number = {1},
    month = {1},
    pages = {1--14},
    volume = {89},
    publisher = {American Dairy Science Association},
    doi = {10.3168/jds.S0022-0302(06)72064-1},
    issn = {00220302},
    keywords = {Backfat thickness, Body condition, Dairy herd management, Ultrasonography}
}